@online{howSpeaker,	author		= {R. Seydel},	title		= {How Do Speakers Work: Understanding Audio Reproduction},	publisher	= {LANDR},	date		= {2017-06-18},	url 		= {https://blog.landr.com/how-do-speakers-work/},	urldate 	= {2021-04-12},}@book{audioParameters,	author		= {S Tomsett},	title		= {Mechanics of Machines},	publisher	= {Ara Institute of Canterbury: Department of Engineering and Architectural Studies},	date		= {2019-08-19},}@Manual{speakerDatasheet,	title        = {Eight Ohm 15mm x 11mm Mobile Series Speaker},	year         = {2017},	number       = {AS01508MS-SP11-WP-R},	organization = {PUI Audio},	url          = {https://www.puiaudio.com/products/as01508ms-sp11-wp-r/},}@online{amplifiers,	author		= {Wayne Storr},	publisher	= {Electronics Tutorials},	title		= {Amplifier Classes},	url			= {https://www.electronics-tutorials.ws/amplifier/amplifier-classes.html},	date		= {2013-07-26},	urldate		= {2021-04-26},}@online{classDamplifiercircuit,	author		= {"Rohitbd"},	publisher	= {Wikipedia},	title		= {Block diagram of a basic switching or PWM (class-D) amplifier},	url			= {https://en.wikipedia.org/wiki/Class-D_amplifier#/media/File:Pwm_amp.svg},	date		= {2006-07-07},	urldate		= {2021-04-26},}@online{classDamplifier,	author		= {Eric Gaalaas},	publisher	= {Analogue Dialogue},	title		= {Class D Amplifiers: What, Why, and How},	year		= {2006},	month		= {6},	url			= {https://www.analog.com/en/analog-dialogue/articles/class-d-audio-amplifiers.html},	urldate		= {2021-04-26},}	@online{speakerDriveSimple,	author 		= {jim hamblen},	title		= {Using a Speaker for Audio Output},	date		= {2013-01-18},	url			= {https://os.mbed.com/users/4180_1/notebook/using-a-speaker-for-audio-output/},	urldate		= {2021-04-25},}@article{siliconLCA,	author		= {Sarah B. Boyd},	title		= {Life-cycle Assessment of Semiconductors},	organization= {University of California, Berkeley},	year 		= {2009},}@article{siliconLCA_2,	author		= {E. D. Williams, R. U. Ayres, and M. Heller},	title		= {The 1.7 kilogram microchip: Energy and material use in the production of semiconductor devices},	publisher	= {Environmental Science and Technology},	year		= {2002},}@incollection{PLALCA_1,	author 		= {Ana Morao, Francois de Bie},	title		= {Life Cycle Impact Assessment of Polylactic Acid (PLA) Produced from Sugarcane in Thailand},	publisher 	= {Journal of Polymers and the Environment},	pages		= {2523-2539},	year 		= {2019},	url			= {https://doi.org/10.1007/s10924-019-01525-9},}@article{PLALCA_2,	author		= {Jennifer J. Shen},	title		= {Comparative Life cycle Assessment of Polylactic acid (PLA) and Polyethylene	terephthalate (PET)},	year		= {2011},}@article{BATTLCA_1,	author		= {Linda Ellingsen and Bhwna Singh and Guillaume Majeau-Bettez and Akhilesh Srivastava},	title 		= {Life Cycle Assessment of a Lithium-Ion Battery Vehicle Pack},	publisher	= {Journal of Industrial Ecology},	month		= {10},	year		= {2013},}@incollection{WALKER2019505,	title = 		{Chapter 27 - Environmental Effects of Marine Transportation},	editor = 		{Charles Sheppard},	booktitle = 	{World Seas: an Environmental Evaluation (Second Edition)},	publisher = 	{Academic Press},	edition = 		{Second Edition},	pages = 		{505-530},	year = 			{2019},	isbn = 			{978-0-12-805052-1},	doi = 			{https://doi.org/10.1016/B978-0-12-805052-1.00030-9},	url = 			{https://www.sciencedirect.com/science/article/pii/B9780128050521000309},	author = 		{Tony R. Walker and Olubukola Adebambo and Monica C. {Del Aguila Feijoo} and Elias Elhaimer and Tahazzud Hossain and Stuart Johnston Edwards and Courtney E. Morrison and Jessica Romo and Nameeta Sharma and Stephanie Taylor and Sanam Zomorodi},}@book{whatLoudspeaker,	author		= {Alex Case},	title		= {New Grove Dictionary of Music and Musicians},	publisher	= {Oxford University Press},	year		= {2014},	month		= {09},}@book{soundTerminology,	author		= {Leo Beranek and Tim Mellow},	title		= {Acoustics Sound Fields, Transducers and Vibration},	edition		= {Second Edition},	publisher	= {Elsevier Science and Technology},	isbn		= {9780128152270},	pages		= {17-20},	date		= {2019-05-21},}	@website{pcbRecycling_1,	publisher	= {Candor Circuit Boards},	title		= {PCB Recycling: How to Recycle Circuit Boards},	date		= {2021-04-23},	url			= {https://www.candorind.com/pcb-recycling/#thermal-recovering},	urldate		= {2021-05-30},}@online{usageLCA_1,	organization	= {maxim integrated},	title			= {Lithium Coin-Cell Batteries: Predicting an Application Lifetime},	url				= {https://www.maximintegrated.com/en/design/technical-documents/app-notes/5/505.html?fbclid=IwAR11KuLfSsnamO8Tnsw5T2qzOHwBwjlBeOy0LmZoyCxUu3XYCRnXpvFqTbQ},	date			= {2002-03-27},	urldate			= {2021-05-30},}@online{BATTLCA_2,	organisation= {Journal of The Minearls, Metals and Materials Society},	title		= {Lithium: Sources, Production, Uses, and Recovery Outlook},	author		= {Laura Peiro and Gara Mendez and Rober Ayres},	date		= {2013-07-11},	pages		= {986-996},}	