@Manual{lm386datasheet,	title        = {LM386 Low Voltage Audio Power Amplifier},	year         = {2004},	number       = {LM386},	organization = {Texas Instraments},	url          = {https://www.ti.com/product/LM386?keyMatch=LM386&tisearch=search-everything&usecase=GPN},	urldate		 = {2021-04-29},}