@Manual{speakerDatasheet,	title        = {Eight Ohm 15mm x 11mm Mobile Series Speaker},	year         = {2017},	number       = {AS01508MS-SP11-WP-R},	organization = {PUI Audio},	url          = {https://www.puiaudio.com/products/as01508ms-sp11-wp-r/},}@Manual{amplifierDatasheet,	title        = {Filterless 3W Class-D Sterio Audio Amplifier},	year         = {2012},	number       = {PAM8403},	organization = {Diodes Incorporated},	url          = {https://nz.mouser.com/c/ds/?series=PAM8403},}